@article{kertesz2020metric,
  title={Metric Embedding Learning on Multi-Directional Projections},
  author={Kert{\'e}sz, G{\'a}bor},
  journal={Algorithms},
  volume={13},
  number={6},
  pages={133},
  year={2020},
  publisher={Multidisciplinary Digital Publishing Institute}
}